@article{Rigor_2000,
    doi={10.1175/1520-0442(2000)013<0896:visato>2.0.co;2},
    url={http://dx.doi.org/10.1175/1520-0442(2000)013<0896:visato>2.0.co;2},
    year={2000},
    month={mar},
    publisher={American Meteorological Society},
    volume={13},
    number={5},
    pages={896--914},
    author={Ignatius G. Rigor and Roger L. Colony and Seelye Martin},
    title={{Variations in Surface Air Temperature Observations in the Arctic 1979{\textendash}97}},
    journal={Journal of Climate},
}


@article{Kwok_2009,
    doi={10.1029/2009jc005312},
    url={http://dx.doi.org/10.1029/2009jc005312},
    year={2009},
    publisher={Wiley-Blackwell},
    volume={114},
    number={C7},
    author={R. Kwok and G. F. Cunningham and M. Wensnahan and I. Rigor and H. J. Zwally and D. Yi},
    title={{Thinning and volume loss of the Arctic Ocean sea ice cover: 2003{\textendash}2008}},
    journal={J. Geophys. Res.},
}


@article{Maslowski_2012,
    doi={10.1146/annurev-earth-042711-105345},
    url={http://dx.doi.org/10.1146/annurev-earth-042711-105345},
    year={2012},
    month={may},
    publisher={Annual Reviews},
    volume={40},
    number={1},
    pages={625--654},
    author={Wieslaw Maslowski and Jaclyn Clement Kinney and Matthew Higgins and Andrew Roberts},
    title={{The Future of Arctic Sea Ice}},
    journal={Annual Review of Earth and Planetary Sciences},
}


@article{Gardner_2011,
    doi={10.1038/nature10089},
    url={http://dx.doi.org/10.1038/nature10089},
    year={2011},
    month={apr},
    publisher={Nature Publishing Group},
    volume={473},
    number={7347},
    pages={357--360},
    author={Alex S. Gardner and Geir Moholdt and Bert Wouters and Gabriel J. Wolken and David O. Burgess and Martin J. Sharp and J. Graham Cogley and Carsten Braun and Claude Labine},
    title={{Sharply increased mass loss from glaciers and ice caps in the Canadian Arctic Archipelago}},
    journal={Nature},
}


@article{Peterson_2002,
    doi={10.1126/science.1077445},
    url={http://dx.doi.org/10.1126/science.1077445},
    year={2002},
    month={dec},
    publisher={American Association for the Advancement of Science ({AAAS})},
    volume={298},
    number={5601},
    pages={2171--2173},
    author={B. J. Peterson},
    title={{Increasing River Discharge to the Arctic Ocean}},
    journal={Science},
}


@article{McClelland_2006,
    doi={10.1029/2006gl025753},
    url={http://dx.doi.org/10.1029/2006gl025753},
    year={2006},
    publisher={Wiley-Blackwell},
    volume={33},
    number={6},
    author={James W. McClelland and Stephen J. D{\'{e}}ry and Bruce J. Peterson and Robert M. Holmes and Eric F. Wood},
    title={{A pan-arctic evaluation of changes in river discharge during the latter half of the 20th century}},
    journal={Geophysical Research Letters},
}

@article{Dai_2002,
    doi={10.1175/1525-7541(2002)003<0660:EOFDFC>2.0.CO;2},
    title={Estimates of freshwater discharge from continents: Latitudinal and seasonal variations},
    author={Dai, Aiguo and Trenberth, Kevin E},
    journal={Journal of hydrometeorology},
    volume={3},
    number={6},
    pages={660--687},
    year={2002}
}

@article{Dai_2009,
    doi={10.1175/2008jcli2592.1},
    url={http://dx.doi.org/10.1175/2008jcli2592.1},
    year={2009},
    month={may},
    publisher={American Meteorological Society},
    volume={22},
    number={10},
    pages={2773--2792},
    author={Aiguo Dai and Taotao Qian and Kevin E. Trenberth and John D. Milliman},
    title={{Changes in Continental Freshwater Discharge from 1948 to 2004}},
    journal={Journal of Climate},
}


@article{Steele_2004,
    doi={10.1029/2004gl021302},
    url={http://dx.doi.org/10.1029/2004gl021302},
    year={2004},
    publisher={Wiley-Blackwell},
    volume={31},
    number={24},
    author={Michael Steele},
    title={{Salinity trends on the Siberian shelves}},
    journal={Geophysical Research Letters},
}


@article{Morison_2012,
    doi={10.1038/nature10705},
    url={http://dx.doi.org/10.1038/nature10705},
    year={2012},
    month={jan},
    publisher={Nature Publishing Group},
    volume={481},
    number={7379},
    pages={66--70},
    author={James Morison and Ron Kwok and Cecilia Peralta-Ferriz and Matt Alkire and Ignatius Rigor and Roger Andersen and Mike Steele},
    title={{Changing Arctic Ocean freshwater pathways}},
    journal={Nature},
}


@article{Serreze_2000,
    doi={10.1023/a:1005504031923},
    url={http://dx.doi.org/10.1023/A:1005504031923},
    year={2000},
    publisher={Springer Science $\mathplus$ Business Media},
    volume={46},
    number={1/2},
    pages={159--207},
    author={M. C. Serreze and J. E. Walsh and F. S. Chapin III and T. Osterkamp and M. Dyurgerov and V. Romanovsky and W. C. Oechel and J. Morison and T. Zhang and R. G. Barry},
    journal={Climatic Change},
}


@article{Craig_2011,
    doi={10.1177/1094342011428141},
    url={http://dx.doi.org/10.1177/1094342011428141},
    year={2011},
    month={nov},
    publisher={{SAGE} Publications},
    volume={26},
    number={1},
    pages={31--42},
    author={A. P. Craig and M. Vertenstein and R. Jacob},
    title={{A new flexible coupler for earth system modeling developed for {CCSM}4 and {CESM}1}},
    journal={International Journal of High Performance Computing Applications},
}


@article{Skamarock_2008,
    doi={10.1016/j.jcp.2007.01.037},
    url={http://dx.doi.org/10.1016/j.jcp.2007.01.037},
    year={2008},
    month={mar},
    publisher={Elsevier {BV}},
    volume={227},
    number={7},
    pages={3465--3485},
    author={William C. Skamarock and Joseph B. Klemp},
    title={{A time-split nonhydrostatic atmospheric model for weather research and forecasting applications}},
    journal={Journal of Computational Physics},
}

@article{Liang_1994,
    title={A simple hydrologically based model of land surface water and energy fluxes for general circulation models},
    doi={10.1029/94JD00483},
    author={Liang, Xu and Lettenmaier, Dennis P and Wood, Eric F and Burges, Stephen J},
    journal={Journal of Geophysical Research: Atmospheres},
    volume={99},
    number={D7},
    pages={14415--14428},
    year={1994},
    publisher={Wiley Online Library}
}


@article{Liang_1996,
    doi={10.1016/0921-8181(95)00046-1},
    url={http://dx.doi.org/10.1016/0921-8181(95)00046-1},
    year={1996},
    month={jun},
    publisher={Elsevier {BV}},
    volume={13},
    number={1-4},
    pages={195--206},
    author={Xu Liang and Eric F. Wood and Dennis P. Lettenmaier},
    title={{Surface soil moisture parameterization of the {VIC}-2L model: Evaluation and modification}},
    journal={Global and Planetary Change},
}


@article{Lohmann_1996,
    doi={10.1034/j.1600-0870.1996.t01-3-00009.x},
    url={http://dx.doi.org/10.1034/j.1600-0870.1996.t01-3-00009.x},
    year={1996},
    month={oct},
    publisher={Co-Action Publishing},
    volume={48},
    number={5},
    pages={708--721},
    author={Dag Lohmann and Ralph Nolte-Holube and Ehrhard Raschke},
    title={{A large-scale horizontal routing model to be coupled to land surface parametrization schemes}},
    journal={Tellus A},
}


@article{Lohmann_1998a,
    doi={10.1080/02626669809492108},
    url={http://dx.doi.org/10.1080/02626669809492108},
    year={1998},
    month={feb},
    publisher={Informa {UK} Limited},
    volume={43},
    number={1},
    pages={143--158},
    author={Dag Lohmann and E. Raschke and B. Nijssen and D. P. Lettenmaier},
    title={{Regional scale hydrology: {II}. Application of the {VIC}-2L model to the Weser River Germany}},
    journal={Hydrological Sciences Journal},
}

@article{Lohmann_1998b,
    author={Lohmann, D. and Raschke, E. and Nijssen, B. and Lettenmaier, D. P.},
    title={Regional scale hydrology: I. Formulation of the VIC-2L model coupled to a routing model},
    journal={Hydrological Sciences Journal},
    volume={43},
    number={1},
    pages={131-141},
    ISSN={0262-6667 2150-3435},
    doi={10.1080/02626669809492107},
    year={1998},
    type={Journal Article}
}

@article{Wu_2011,
    doi={10.1029/2009wr008871},
    url={http://dx.doi.org/10.1029/2009wr008871},
    year={2011},
    month={mar},
    publisher={Wiley-Blackwell},
    volume={47},
    number={3},
    author={Huan Wu and John S. Kimball and Nate Mantua and Jack Stanford},
    title={{Automated upscaling of river networks for macroscale hydrological modeling}},
    journal={Water Resour. Res.},
}


@article{Jones_1999,
    doi={10.1175/1520-0493(1999)127\textless 2204:fasocr\textgreater 2.0.co;2},
    url={http://dx.doi.org/10.1175/1520-0493(1999)127\<2204:FASOCR\>2.0.CO;2},
    year={1999},
    month={sep},
    publisher={American Meteorological Society},
    volume={127},
    number={9},
    pages={2204--2210},
    author={Philip W. Jones},
    title={{First- and Second-Order Conservative Remapping Schemes for Grids in Spherical Coordinates}},
    journal={Mon. Wea. Rev.},
}


@article{Smith_2010,
    author={Smith, R. D. and others},
    title={The Parallel Ocean Program (POP) reference manual: ocean component of the Community Climate System Model (CCSM) and Community Earth System Model (CESM)},
    journal={Los Alamos National Laboratory Tech. Report},
    volume={LAUR-10-01853},
    year={2010},
    type={Journal Article}
}

@article{Nijssen_1997,
    author={Nijssen, Bart and Lettenmaier, Dennis P. and Liang, Xu and Wetzel, Suzanne W. and Wood, Eric F.},
    title={Streamflow simulation for continental-scale river basins},
    journal={Water Resources Research},
    volume={33},
    number={4},
    pages={711-724},
    ISSN={00431397},
    DOI={10.1029/96wr03517},
    year={1997},
    type={Journal Article}
}

@article{Su_2005,
    author={Su, Fengge and Adam, Jennifer C. and Bowling, Laura C. and Lettenmaier, Dennis P.},
    title={Streamflow simulations of the terrestrial Arctic domain},
    journal={Journal of Geophysical Research: Atmospheres},
    volume={110},
    number={D8},
    issn={2156-2202},
    url={http://dx.doi.org/10.1029/2004JD005518},
    doi={10.1029/2004JD005518},
    keywords={Frozen ground, Hydroclimatology, Hydrological cycles and budgets, Streamflow, Water/energy interactions, Arctic drainage area, land surface model, hydrologic processes},
    year={2005},
    note={D08112},
}

@article{Dee_2011,
    author={Dee, D. P. and Uppala, S. M. and Simmons, A. J. and Berrisford, P. and Poli, P. and Kobayashi, S. and Andrae, U. and Balmaseda, M. A. and Balsamo, G. and Bauer, P. and Bechtold, P. and Beljaars, A. C. M. and van de Berg, L. and Bidlot, J. and Bormann, N. and Delsol, C. and Dragani, R. and Fuentes, M. and Geer, A. J. and Haimberger, L. and Healy, S. B. and Hersbach, H. and Hólm, E. V. and Isaksen, L. and Kållberg, P. and Köhler, M. and Matricardi, M. and McNally, A. P. and Monge-Sanz, B. M. and Morcrette, J. J. and Park, B. K. and Peubey, C. and de Rosnay, P. and Tavolato, C. and Thépaut, J. N. and Vitart, F.},
    title={The ERA-Interim reanalysis: configuration and performance of the data assimilation system},
    journal={Quarterly Journal of the Royal Meteorological Society},
    volume={137},
    number={656},
    pages={553-597},
    ISSN={00359009},
    DOI={10.1002/qj.828},
    year={2011},
    type={Journal Article}
}

@article{Lammers_2001,
    author={Lammers, Richard B. and Shiklomanov, Alexander I. and Vörösmarty, Charles J. and Fekete, Balázs M. and Peterson, Bruce J.},
    title={Assessment of contemporary Arctic river runoff based on observational discharge records},
    journal={Journal of Geophysical Research},
    volume={106},
    number={D4},
    pages={3321},
    ISSN={0148-0227},
    DOI={10.1029/2000jd900444},
    year={2001},
    type={Journal Article}
}

@article{Roberts_2015a,
    title={Simulating transient ice–ocean Ekman transport in the Regional Arctic System Model and Community Earth System Model},
    author={Roberts, Andrew and Craig, Anthony and Maslowski, Wieslaw and Osinski, Robert and DuVIVIER, Alice and Hughes, Mimi and Nijssen, Bart and Cassano, John and Brunke, Michael},
    journal={Annals of Glaciology},
    volume={56},
    number={69},
    pages={211228},
    year={2015},
    doi={10.3189/2015AoG69A760},
    url={http://dx.doi.org/10.3189/2015AoG69A760}
}

@article{Skamarock_2007,
    title={A time-split nonhydrostatic atmospheric model for weather research and forecasting applications},
    author={William C. Skamarock and Joseph B. Klemp},
    journal={Journal of Computational Physics},
    volume={227},
    number={7},
    pages={3465-3485},
    year={2007},
    publisher={sciencedirect},
    doi={10.1016/j.jcp.2007.01.037},
    url={http://dx.doi.org/10.1016/j.jcp.2007.01.037}
}

@book{Lewis_2000,
    title={The freshwater budget of the Arctic Ocean},
    author={Lewis, Edward Lyn and Jones, E Peter},
    volume={70},
    year={2000},
    publisher={Springer Science \& Business Media}
}

@article{Shiklomanov_2009,
    doi={10.1088/1748-9326/4/4/045015},
    title={Record Russian river discharge in 2007 and the limits of analysis},
    author={Shiklomanov, AI and Lammers, RB},
    journal={Environmental Research Letters},
    volume={4},
    number={4},
    pages={045015},
    year={2009},
    publisher={IOP Publishing}
}

@article{Tan_2011,
    doi={10.1029/2010JD014337},
    title={Change in spring snowmelt timing in Eurasian Arctic rivers},
    author={Tan, Amanda and Adam, Jennifer C and Lettenmaier, Dennis P},
    journal={Journal of Geophysical Research: Atmospheres (1984--2012)},
    volume={116},
    number={D3},
    year={2011},
    publisher={Wiley Online Library}
}

@article{Bring_2015,
    doi={10.1002/2014EF000296},
    title={Implications of freshwater flux data from the CMIP5 multi-model output across a set of Northern Hemisphere drainage basins},
    author={Bring, Arvid and Asokan, Shilpa M and Jaramillo, Fernando and Jarsj{\"o}, Jerker and Levi, Lea and Pietro{\'n}, Jan and Prieto, Carmen and Rogberg, Peter and Destouni, Georgia},
    journal={Earth's Future},
    year={2015},
    publisher={Wiley Online Library}
}

@article{Olivera_2000,
    doi={10.1029/2000WR900113},
    title={Global-scale flow routing using a source-to-sink algorithm},
    author={Olivera, Francisco and Famiglietti, James and Asante, Kwabena},
    journal={Water Resources Research},
    volume={36},
    number={8},
    pages={2197--2207},
    year={2000},
    publisher={Wiley Online Library}
}

@article{Branstetter_2003,
    doi={10.1029/2002JD003212},
    title={Continental runoff dynamics in the Community Climate System Model 2 (CCSM2) control simulation},
    author={Branstetter, Marcia L and Erickson, David J},
    journal={Journal of Geophysical Research: Atmospheres (1984--2012)},
    volume={108},
    number={D17},
    year={2003},
    publisher={Wiley Online Library}
}

@article{Morison_2000,
    title={Recent environmental changes in the Arctic: a review},
    author={Morison, James and Aagaard, Knut and Steele, Mike},
    journal={Arctic},
    pages={359--371},
    year={2000},
    publisher={JSTOR}
}

@article{Boyd_2002,
    doi={10.1029/2001GL014047},
    title={Partial recovery of the Arctic Ocean halocline},
    author={Boyd, Timothy J and Steele, Michael and Muench, Robin D and Gunn, John T},
    journal={Geophysical Research Letters},
    volume={29},
    number={14},
    year={2002},
    publisher={Wiley Online Library}
}

@article{McGeehan_2012,
    doi={10.1029/2011JC007261},
    title={Evaluation and control mechanisms of volume and freshwater export through the Canadian Arctic Archipelago in a high-resolution pan-Arctic ice-ocean model},
    author={McGeehan, Timothy and Maslowski, Wieslaw},
    journal={Journal of Geophysical Research: Oceans (1978--2012)},
    volume={117},
    number={C8},
    year={2012},
    publisher={Wiley Online Library}
}

@article{Serreze_2006,
    doi={10.1029/2005JC003424},
    title={The large-scale freshwater cycle of the Arctic},
    author={Serreze, Mark C and Barrett, Andrew P and Slater, Andrew G and Woodgate, Rebecca A and Aagaard, Knut and Lammers, Richard B and Steele, Michael and Moritz, Richard and Meredith, Michael and Lee, Craig M},
    journal={Journal of Geophysical Research: Oceans (1978--2012)},
    volume={111},
    number={C11},
    year={2006},
    publisher={Wiley Online Library}
}

@article{Adam_2008,
    doi={10.1175/2007JCLI1535.1},
    title={Application of new precipitation and reconstructed streamflow products to streamflow trend attribution in northern Eurasia},
    author={Adam, Jennifer C and Lettenmaier, Dennis P},
    journal={Journal of Climate},
    volume={21},
    number={8},
    pages={1807--1828},
    year={2008}
}

@article{Adam_2007,
    doi={10.1029/2007JD008525},
    title={Simulation of reservoir influences on annual and seasonal streamflow changes for the Lena, Yenisei, and Ob'rivers},
    author={Adam, Jennifer C and Haddeland, Ingjerd and Su, Fengge and Lettenmaier, Dennis P},
    journal={Journal of Geophysical Research: Atmospheres (1984--2012)},
    volume={112},
    number={D24},
    year={2007},
    publisher={Wiley Online Library}
}

@article{Newton_2008,
    doi={10.1029/2007JC004111},
    title={Freshwater distribution in the Arctic Ocean: Simulation with a high-resolution model and model-data comparison},
    author={Newton, Robert and Schlosser, Peter and Martinson, Douglas G and Maslowski, Wieslaw},
    journal={Journal of Geophysical Research: Oceans (1978--2012)},
    volume={113},
    number={C5},
    year={2008},
    publisher={Wiley Online Library}
}

@article{Macdonald_2002,
    doi={10.1016/S0967-0637(02)00097-3},
    title={Fresh water and its sources during the SHEBA drift in the Canada Basin of the Arctic Ocean},
    author={Macdonald, RW and McLaughlin, FA and Carmack, EC},
    journal={Deep Sea Research Part I: Oceanographic Research Papers},
    volume={49},
    number={10},
    pages={1769--1785},
    year={2002},
    publisher={Elsevier}
}

@article{McPhee_1998,
    doi={10.1029/98GL00933},
    title={Freshening of the upper ocean in the Arctic: Is perennial sea ice disappearing?},
    author={McPhee, Miles G and Stanton, Timothy P and Morison, James H and Martinson, Douglas G},
    journal={Geophysical Research Letters},
    volume={25},
    number={10},
    pages={1729--1732},
    year={1998},
    publisher={Wiley Online Library}
}

@article{Timmermans_2011,
    author={Timmermans, M.-L. and Proshutinsky, A. and Krishfield, R. A. and Perovich, D. K. and Richter-Menge, J. A. and Stanton, T. P. and Toole, J. M.},
    title={Surface freshening in the Arctic Ocean's Eurasian Basin: An apparent consequence of recent change in the wind-driven circulation},
    journal={Journal of Geophysical Research: Oceans},
    volume={116},
    number={C8},
    issn={2156-2202},
    url={http://dx.doi.org/10.1029/2011JC006975},
    doi={10.1029/2011JC006975},
    keywords={Arctic and Antarctic oceanography, Currents, Arctic Ocean, circulation, fresh water},
    year={2011},
    note={C00D03},
}

@article{Rabe_2011,
    doi={10.1016/j.dsr.2010.12.002},
    title={An assessment of Arctic Ocean freshwater content changes from the 1990s to the 2006--2008 period},
    author={Rabe, Benjamin and Karcher, Michael and Schauer, Ursula and Toole, John M and Krishfield, Richard A and Pisarev, Sergey and Kauker, Frank and Gerdes, R{\"u}diger and Kikuchi, Takashi},
    journal={Deep Sea Research Part I: Oceanographic Research Papers},
    volume={58},
    number={2},
    pages={173--185},
    year={2011},
    publisher={Elsevier}
}

@article{Fichot_2013,
    doi={10.1038/srep01053},
    title={Pan-Arctic distributions of continental runoff in the Arctic Ocean},
    author={Fichot, C{\'e}dric G and Kaiser, Karl and Hooker, Stanford B and Amon, Rainer MW and Babin, Marcel and B{\'e}langer, Simon and Walker, Sally A and Benner, Ronald},
    journal={Scientific reports},
    volume={3},
    year={2013},
    publisher={Nature Publishing Group}
}

@article{Sushama_2004,
    doi={10.3137/ao.420401},
    title={On the variable-lag and variable-velocity cell-to-cell routing schemes for climate models},
    author={Sushama, L and Laprise, R and Caya, D and Larocque, M and Slivitzky, M},
    journal={Atmosphere-Ocean},
    volume={42},
    number={4},
    pages={221--233},
    year={2004},
    publisher={Taylor \& Francis}
}

@article{Hamman_2016,
    author={Joseph Hamman and Bart Nijssen and Michael Brunke and John Cassano and Anthony Criag and Alice DuVivier and Mimi Hughes and Dennis P. Lettenmaier and Wieslaw Maslowski and Robert Osinski and Andrew Roberts and Xubin Zeng},
    title={Land Surface Climate in the Regional Arctic System Model},
    journal={Journal of Climate},
    volume={29},
    number={18},
    pages={6543–6562},
    year={2016},
    doi={10.1175/JCLI-D-15-0415.1},
    URL={http://dx.doi.org/10.1175/JCLI-D-15-0415.1},
    abstract={ AbstractThe Regional Arctic System Model (RASM) is a fully coupled, regional Earth system model applied over the Pan-Arctic domain. This paper discusses the implementation of the Variable Infiltration Capacity (VIC) land surface model in RASM and evaluates the ability of RASM, version 1.0, to capture key features of the land surface climate and hydrological cycle for the period 1979-2014 in comparison with uncoupled VIC simulations, reanalysis data sets, satellite measurements, and in-situ observations. RASM reproduces the dominant features of the land surface climatology in the Arctic, such as the amount and regional distribution of precipitation, the partitioning of precipitation between runoff and evapotranspiration, the effects of snow on the water and energy balance, and the differences in turbulent fluxes between the tundra and taiga biomes. Surface air temperature biases in RASM, compared to the ERA-Interim and MERRA reanalysis datasets are generally less than 2°C, however in the cold seasons, there are local biases that exceed 6°C. Compared to satellite observations, RASM captures the annual cycle of snow-covered area well, although melt progresses about two weeks faster than observations in the late spring at high-latitudes. With respect to derived fluxes, such as latent heat or runoff, RASM is shown to have similar performance statistics as ERA-Interim while differing substantially from MERRA, which consistently overestimates the evaporative flux across the Arctic region. }
}

@article{Roberts_2015b,
    author={Roberts, Andrew and Osinski, Robert and Maslowski, Wieslaw and Cassano, John and Zeng, Xubin and Nijssen, B.},
    title={Sea Ice in the Regional Arctic System Model},
    year={Manuscript in Preparation},
    type={Journal Article}
}

@article{Osinski_2016,
    author={Osinski, Robert and Roberts, Andrew and Maslowski, Wieslaw and Cassano, John and Zeng, Xubin and Nijssen, B.},
    title={The Ocean Component of the Regional Arctic System Model},
    year={Manuscript in Preparation},
    type={Journal Article}
}

@article{Lammers_2007,
    author={Lammers, Richard B. and Pundsack, Jonathan W. and Shiklomanov, Alexander I.},
    title={Variability in river temperature, discharge, and energy flux from the Russian pan-Arctic landmass},
    journal={Journal of Geophysical Research: Biogeosciences},
    volume={112},
    number={G4},
    issn={2156-2202},
    url={http://dx.doi.org/10.1029/2006JG000370},
    doi={10.1029/2006JG000370},
    keywords={Streamflow, Hydroclimatology, Monitoring networks, Catchment, Arctic region, river temperature, Russia, pan-Arctic, energy flux, river discharge},
    year={2007},
    note={G04S59},
}

@article{vanVliet_2011,
    author={van Vliet, M. T. H. and Ludwig, F. and Zwolsman, J. J. G. and Weedon, G. P. and Kabat, P.},
    title={Global river temperatures and sensitivity to atmospheric warming and changes in river flow},
    journal={Water Resources Research},
    volume={47},
    number={2},
    issn={1944-7973},
    url={http://dx.doi.org/10.1029/2010WR009198},
    doi={10.1029/2010WR009198},
    keywords={Surface water quality, Climate impacts, Streamflow, Water management, water temperature, regression model, river flow, climate change},
    year={2011},
    note={W02544},
}

@Article{vanVliet_2012,
    AUTHOR={van Vliet, M. T. H. and Yearsley, J. R. and Franssen, W. H. P. and Ludwig, F. and Haddeland, I. and Lettenmaier, D. P. and Kabat, P.},
    TITLE={Coupled daily streamflow and water temperature modelling in large river basins},
    JOURNAL={Hydrology and Earth System Sciences},
    VOLUME={16},
    YEAR={2012},
    NUMBER={11},
    PAGES={4303--4321},
    URL={http://www.hydrol-earth-syst-sci.net/16/4303/2012/},
    DOI={10.5194/hess-16-4303-2012}
}

@article{Perkins_2007,
    title={Evaluation of the {AR4} climate models' simulated daily maximum temperature, minimum temperature, and precipitation over Australia using probability density functions},
    author={Perkins, {SE} and Pitman, {AJ} and Holbrook, {NJ} and {McAneney,} J},
    journal={Journal of climate},
    volume={20},
    number={17},
    pages={4356-4376},
    year={2007},
    doi={10.1175/JCLI4253.1}
}

@article{Nummelin_2015,
    author={Nummelin, Aleksi and Li, Camille and Smedsrud, Lars H.},
    title={Response of Arctic Ocean stratification to changing river runoff in a column model},
    journal={Journal of Geophysical Research: Oceans},
    volume={120},
    number={4},
    issn={2169-9291},
    url={http://dx.doi.org/10.1002/2014JC010571},
    doi={10.1002/2014JC010571},
    pages={2655--2675},
    keywords={Arctic and Antarctic oceanography, Arctic Ocean, runoff, stratification, idealized modeling},
    year={2015},
}

@article{Lique_2015,
    author={Lique, Camille and Holland, Marika M. and Dibike, Yonas B. and Lawrence, David M. and Screen, James A.},
    title={Modeling the Arctic Freshwater System and its integration in the global system: Lessons learned and future challenges},
    journal={Journal of Geophysical Research: Biogeosciences},
    issn={2169-8961},
    url={http://dx.doi.org/10.1002/2015JG003120},
    doi={10.1002/2015JG003120},
    keywords={Modeling, Water budgets, Precipitation, Streamflow, Snow and ice, Arctic Freshwater, Modeling},
    year={2015},
    note={2015JG003120},
}

@article{Li_2013,
    year={2013},
    pages={808-828},
    volume={14},
    number={3},
    journal={Journal of Hydrometeorology},
    doi={10.1175/Jhm-D-12-015.1},
    author={Li, Hongyi and Wigmosta, Mark S and Wu, Huan and Huang, Maoyi and Ke, Yinghai and Coleman, Andr{\'e} M and Leung, Ruby L},
    title={A physically based runoff routing model for land surface and earth system models},
    abstract={Abstract A new physically based runoff routing model, called the Model for Scale Adaptive River Transport {(MOSART),} has been developed to be applicable across local, regional, and global scales. Within each spatial unit, surface runoff is first routed across hillslopes and  ...}
}

@article{Cassano_2016,
    author={Cassano, John and DuVivier, Alice and Maslowski, Wieslaw and Roberts, Andrew and Zeng, Xubin and Hamman, Joseph and Nijssen, Bart and Brunke, Michael},
    title={Atmospheric Climate of the Regional Arctic System Model},
    journal={Journal of Climate},
    year={in revision},
    type={Journal Article}
}

@article{Naden_1992,
    doi={10.1080/02626669209492561},
    title={Spatial variability in flood estimation for large catchments: the exploitation of channel network structure},
    author={Naden, Pamela S},
    journal={Hydrological Sciences Journal},
    volume={37},
    number={1},
    pages={53--71},
    year={1992},
    publisher={Taylor \& Francis}
}

@incollection{Mesa_1986,
    title={On the relative role of hillslope and network geometry in hydrologic response},
    author={Mesa, Oscar J and Mifflin, Edward R},
    booktitle={Scale problems in hydrology},
    pages={1--17},
    year={1986},
    publisher={Springer}
}

@misc{Fread_1992,
    title={Flow Routing, Chapter 10, Handbook of Hydrology},
    author={Fread, DL},
    year={1992},
    publisher={McGraw-Hill Book Company}
}

@article{Hamlet_2013,
    doi={10.1080/07055900.2013.819555},
    title={An overview of the Columbia Basin Climate Change Scenarios Project: Approach, methods, and summary of key results},
    author={Hamlet, Alan F and Elsner, Marketa McGuire and Mauger, Guillaume S and Lee, Se-Yeun and Tohver, Ingrid and Norheim, Robert A},
    journal={Atmosphere-ocean},
    volume={51},
    number={4},
    pages={392--415},
    year={2013},
    publisher={Taylor \& Francis}
}

@article{Decharme_2010,
    doi={10.1175/2010JHM1211.1},
    title={Global evaluation of the ISBA-TRIP continental hydrological system. Part II: Uncertainties in river routing simulation related to flow velocity and groundwater storage},
    author={Decharme, B and Alkama, R and Douville, H and Becker, M and Cazenave, A},
    journal={Journal of Hydrometeorology},
    volume={11},
    number={3},
    pages={601--617},
    year={2010}
}


@article{Steele_2001,
    doi={10.1175/1520-0442(2001)014<2079:PAGOHW>2.0.CO;2},
    title={PHC: A global ocean hydrography with a high-quality Arctic Ocean},
    author={Steele, Michael and Morley, Rebecca and Ermold, Wendy},
    journal={Journal of Climate},
    volume={14},
    number={9},
    pages={2079--2087},
    year={2001}
}

@article{Large_2009,
    doi={10.1007/s00382-008-0441-3},
    title={The global climatology of an interannually varying air--sea flux data set},
    author={Large, WG and Yeager, SG},
    journal={Climate dynamics},
    volume={33},
    number={2-3},
    pages={341--364},
    year={2009},
    publisher={Springer}
}

@misc{Hamman_2015,
    author={Joe Hamman and Bart Nijssen},
    title={{RVIC: RVIC 1.1.0}},
    month=10,
    year=2015,
    doi={10.5281/zenodo.32620},
    url={http://dx.doi.org/10.5281/zenodo.32620}
}

@article{Yamazaki_2009,
    doi={10.5194/hess-13-2241-2009},
    title={Deriving a global river network map and its sub-grid topographic characteristics from a fine-resolution flow direction map},
    author={Yamazaki, Dai and Oki, T and Kanae, S and others},
    journal={Hydrology and Earth System Sciences},
    volume={13},
    number={11},
    pages={2241},
    year={2009}
}



@article{Yamazaki_2014,
    author={Yamazaki, Dai and Sato, Tomoko and Kanae, Shinjiro and Hirabayashi, Yukiko and Bates, Paul D.},
    title={Regional flood dynamics in a bifurcating mega delta simulated in a global river model},
    journal={Geophysical Research Letters},
    volume={41},
    number={9},
    issn={1944-8007},
    url={http://dx.doi.org/10.1002/2014GL059744},
    doi={10.1002/2014GL059744},
    pages={3127--3135},
    keywords={Modeling, River channels, Floodplain dynamics, delta, hydrodynamics, global modeling},
    year={2014},
    note={2014GL059744},
}

@article{Clark_2016,
    title={mizuRoute version 1: a river network routing tool for a continental domain water resources applications},
    author={Clark, Martyn P and Viger, Roland J and Markstrom, Steve L and Hay, Lauren E and Arnold, Jeffrey R and Brekke, Levi D},
    journal={Geoscientific Model Development},
    volume={9},
    number={6},
    pages={2223},
    year={2016},
    publisher={Copernicus GmbH}
}

@article{Bougamont_2005,
    doi={10.1029/2005JF000348},
    title={A surface mass balance model for the Greenland Ice Sheet},
    author={Bougamont, Marion and Bamber, Jonathan L and Greuell, Wouter},
    journal={Journal of Geophysical Research: Earth Surface},
    volume={110},
    number={F4},
    year={2005},
    publisher={Wiley Online Library}
}

@article{Bougamont_2007,
    doi={10.1029/2007GL030700},
    title={Impact of model physics on estimating the surface mass balance of the Greenland ice sheet},
    author={Bougamont, Marion and Bamber, Jonathan L and Ridley, Jeff K and Gladstone, Rupert M and Greuell, Wouter and Hanna, Edward and Payne, Anthony J and Rutt, Ian},
    journal={Geophysical Research Letters},
    volume={34},
    number={17},
    year={2007},
    publisher={Wiley Online Library}
}

@article{Rignot_2006,
    doi={10.1126/science.1121381},
    title={Changes in the velocity structure of the Greenland Ice Sheet},
    author={Rignot, Eric and Kanagaratnam, Pannir},
    journal={Science},
    volume={311},
    number={5763},
    pages={986--990},
    year={2006},
    publisher={American Association for the Advancement of Science}
}

@Article{Weatherly_1996,
    author={Weatherly, W. J.and Walsh, E. J.},
    title={The effects of precipitation and river runoff in a coupled ice-ocean model of the Arctic},
    journal={Climate Dynamics},
    year={1996},
    volume={12},
    number={11},
    pages={785--798},
    abstract={A coupled ice-ocean model of the Arctic is developed in order to study the effects of precipitation and river runoff on sea ice. A dynamic-thermodynamic sea ice model is coupled to an ocean general circulation model which includes a turbulent closure scheme for vertical mixing. The model is forced by interannually varying atmospheric temperature and pressure data from 1980--1989, and spatially varying mean monthly precipitation and river runoffs. Salinity and fresh water fluxes to the ocean from ice growth, snow melt, rain, and runoffs are computed, with no artificial constraints on the ocean salinity. The modeled ice thickness is similar to the observed pattern, with the thickest ice remaining against the Canadian Archipelago throughout the year. The modeled ice drift reproduces the Beaufort gyre and Transpolar drift exiting through Fram Strait. The stable arctic halocline produced by the vertical mixing scheme isolates the surface from the Atlantic layer and reduces the vertical fluxes of heat and salinity. A sensitivity experiment with zero precipitation results in rapidly decreasing ice thickness, in response to greater ocean heat flux from a weakening of the halocline, while an experiment with doubled precipitation results in a smaller increase in ice thickness. A zero-runoff experiment results in a slower decrease in ice thickness than the zero-precipitation case, due to the decadal time scale of the transport of runoff in the model. The results suggest that decadal trends in both arctic precipitation and river runoffs, caused either by anthropogenic or natural climatic change, have the potential to exert broad-scale impacts on the arctic sea ice regime.},
    issn={1432-0894},
    doi={10.1007/s003820050143},
    url={http://dx.doi.org/10.1007/s003820050143}
}


@article{Myers_2005,
    author={Myers, Paul G.},
    title={Impact of freshwater from the Canadian Arctic Archipelago on Labrador Sea Water formation},
    journal={Geophysical Research Letters},
    volume={32},
    number={6},
    issn={1944-8007},
    url={http://dx.doi.org/10.1029/2004GL022082},
    doi={10.1029/2004GL022082},
    keywords={Numerical modeling, Arctic and Antarctic oceanography, Climate and interannual variability},
    year={2005},
    note={L06605},
}

@article{Carmack_1989,
    author={Carmack, E. C. and Macdonald, R. W. and Papadakis, J. E.},
    title={Water mass structure and boundaries in the Mackenzie shelf estuary},
    journal={Journal of Geophysical Research: Oceans},
    volume={94},
    number={C12},
    issn={2156-2202},
    url={http://dx.doi.org/10.1029/JC094iC12p18043},
    doi={10.1029/JC094iC12p18043},
    pages={18043--18055},
    keywords={Water masses, Arctic and Antarctic oceanography, Continental shelf and slope processes, Descriptive and regional oceanography, Estuarine processes},
    year={1989},
}

@article{Rudels_1999,
    title="The Arctic Circumpolar Boundary Current ",
    journal="Deep Sea Research Part II: Topical Studies in Oceanography ",
    volume="46",
    number="6–7",
    pages="1023 - 1062",
    year="1999",
    note="",
    issn="0967-0645",
    doi="10.1016/S0967-0645(99)00015-6",
    url="http://dx.doi.org/10.1016/S0967-0645(99)00015-6",
    author="Bert Rudels and Hans J. Friedrich and Detlef Quadfasel"
}

@article{Ekwurzel_2001,
    author={Ekwurzel, Brenda and Schlosser, Peter and Mortlock, Richard A. and Fairbanks, Richard G. and Swift, James H.},
    title={River runoff, sea ice meltwater, and Pacific water distribution and mean residence times in the Arctic Ocean},
    journal={Journal of Geophysical Research: Oceans},
    volume={106},
    number={C5},
    issn={2156-2202},
    url={http://dx.doi.org/10.1029/1999JC000024},
    doi={10.1029/1999JC000024},
    pages={9075--9092},
    keywords={Geochemistry: Isotopic composition/chemistry, Marine geochemistry, Climate dynamics, Arctic and Antarctic oceanography},
    year={2001},
}

@article{Steele_1998,
    title={Retreat of the cold halocline layer in the Arctic Ocean},
    author={Steele, Michael and Boyd, Timothy},
    journal={Journal of Geophysical Research: Oceans},
    volume={103},
    number={C5},
    pages={10419--10435},
    year={1998},
    publisher={Wiley Online Library}
}

@Article{vanAngelen_2014,
    author={van Angelen, J. H. and van den Broeke, M. R. and Wouters, B. and Lenaerts, J. T. M.},
    title={Contemporary (1960--2012) Evolution of the Climate and Surface Mass Balance of the Greenland Ice Sheet},
    journal={Surveys in Geophysics},
    year={2014},
    volume={35},
    number={5},
    pages={1155--1174},
    abstract={We assess the contemporary (1960--2012) surface mass balance (SMB) of the Greenland ice sheet (GrIS), its individual components and trends. We use output of the high-resolution (11 km) regional atmospheric climate model (RACMO2), evaluated with automatic weather stations and GRACE data. A persistent negative North Atlantic oscillation index over the last 6 years resulted in the summertime advection of relatively warm continental air toward the GrIS. Added to the enhanced radiative forcing by increased CO2 levels, this has resulted in an increase in near-surface temperature of more than 2 K during 2007--2012 compared to 1960--1990. The associated decrease in albedo led to an extra absorption of shortwave radiation of ∼6 Wm−2 (11 {\%}) in the summer months, which is the main driver of enhanced surface melting and runoff in recent years. From 1990 onward, we see a steady increase in meltwater runoff and an associated decrease in the SMB, accelerating after 2005, with the record low SMB year in 2010. Despite the fact that the GrIS was subject to the highest surface melt rates in 2012, relatively high accumulation rates prevented 2012 to set a record low SMB. In 2012, melt occurred relatively high on the ice sheet where melt water refreezes in the porous firn layer. Up to 2005, increased runoff was partly offset by increased accumulation rates. Since then, accumulation rates have decreased, resulting in low SMB values. Other causes of decreased SMB are the loss of firn pore space and decreasing refreezing rates in the higher ablation area. The GrIS has lost in total 1,800 {\textpm} 300 Gt of mass from surface processes alone since 1990 and about half of that in the last 6 years.},
    issn={1573-0956},
    doi={10.1007/s10712-013-9261-z},
    url={http://dx.doi.org/10.1007/s10712-013-9261-z}
}


@article{Bring_2016,
    author={Bring, A. and Fedorova, I. and Dibike, Y. and Hinzman, L. and Mård, J. and Mernild, S. H. and Prowse, T. and Semenova, O. and Stuefer, S. L. and Woo, M.-K.},
    title={Arctic terrestrial hydrology: A synthesis of processes, regional effects, and research challenges},
    journal={Journal of Geophysical Research: Biogeosciences},
    volume={121},
    number={3},
    issn={2169-8961},
    url={http://dx.doi.org/10.1002/2015JG003131},
    doi={10.1002/2015JG003131},
    pages={621--649},
    keywords={Arctic freshwater system, hydrology, regional climate change, Earth system interactions, cryosphere},
    year={2016},
    note={2015JG003131},
}

@article{Sherman_1932,
    title={Streamflow from rainfall by the unit-graph method},
    author={Sherman, LeRoy K},
    journal={Eng. News Record},
    volume={108},
    pages={501--505},
    year={1932}
}

@article{Nash_1957,
    title={The form of the instantaneous unit hydrograph},
    author={Nash, JE},
    journal={International Association of Scientific Hydrology, Publ},
    volume={3},
    pages={114--121},
    year={1957}
}


@article{Slater_2007,
    author={Slater, A. G. and Bohn, T. J. and McCreight, J. L. and Serreze, M. C. and Lettenmaier, D. P.},
    title={A multimodel simulation of pan-Arctic hydrology},
    journal={Journal of Geophysical Research: Biogeosciences},
    volume={112},
    number={G4},
    issn={2156-2202},
    url={http://dx.doi.org/10.1029/2006JG000303},
    doi={10.1029/2006JG000303},
    keywords={Snow, Hydrological cycles and budgets, Modeling, Hydroclimatology, Streamflow, Arctic hydrology, land surface model, freshwater},
    year={2007},
    note={G04S45},
}

@Incollection{Shiklomanov_2000,
    author={Shiklomanov, I. A. and Shiklomanov, A. I. and Lammers, R. B. and Peterson, B. J. and Vorosmarty, C. J.},
    editor={Lewis, Edward Lyn and Jones, E. Peter and Lemke, Peter and Prowse, Terry D. and Wadhams, Peter},
    title={The Dynamics of River Water Inflow to the Arctic Ocean},
    bookTitle={The Freshwater Budget of the Arctic Ocean},
    year={2000},
    publisher={Springer Netherlands},
    address={Dordrecht},
    pages={281--296},
    isbn={978-94-011-4132-1},
    doi={10.1007/978-94-011-4132-1\_13},
    url={http://dx.doi.org/10.1007/978-94-011-4132-1\_13},
}

@article{Joughin_2008,
    doi={10.1126/science.1153288},
    title={Seasonal speedup along the western flank of the Greenland Ice Sheet},
    author={Joughin, Ian and Das, Sarah B and King, Matt A and Smith, Ben E and Howat, Ian M and Moon, Twila},
    journal={Science},
    volume={320},
    number={5877},
    pages={781--783},
    year={2008},
    publisher={American Association for the Advancement of Science}
}

@techreport{Hunke2015,
    author={Hunke, E. C. and Lipscomb, William H and Turner, Adrian K and Jeffery, Nicole and Elliott, Scott},
    pages={114},
    title={{CICE : the Los Alamos Sea Ice Model Documentation and Software User's Manual Version 5.1 LA-CC-06-012}},
    volume={LA-CC-06-0},
    year={2015},
    publisher={Los Alamos National Laboratory}
}

@article{Hunke2013,
    author={Hunke, E. C. and Hebert, David A. and Lecomte, Olivier},
    journal={Ocean Model.},
    doi={10.1016/j.ocemod.2012.11.008},
    pages={26--42},
    title={{Level-ice melt ponds in the Los Alamos sea ice model, CICE}},
    volume={71},
    year={2013}
}

@article{Turner2015,
     author={Turner, A. K. and Hunke, E. C.},
     doi={10.1002/2014JC010358},
     journal={J. Geophys. Res.},
     pages={1253--1275},
     title={{Journal of Geophysical Research: Oceans}},
     volume={120},
     year={2015}
}

@article{Tsamados2013,
     author={Tsamados, Michel and Feltham, Daniel L. and Wilchinsky, A. V.},
     doi={10.1029/2012JC007990},
     issn={21699275},
     journal={J. Geophys. Res. Ocean.},
     month={jan},
     number={1},
     pages={91--107},
     title={{Impact of a new anisotropic rheology on simulations of Arctic sea ice}},
     volume={118},
     year={2013}
}

@article{Jahn2012a,
    author={Jahn, Alexandra and Sterling, Kara and Holland, Marika M. and Kay, Jennifer E. and Maslanik, James A. and Bitz, Cecilia M. and Bailey, David A. and Stroeve, Julienne and Hunke, E. C. and Lipscomb, William H. and Pollak, Daniel A.},
    doi={10.1175/JCLI-D-11-00201.1},
    issn={0894-8755},
    journal={J. Clim.},
    number={5},
    pages={1431--1452},
    title={{Late-Twentieth-Century Simulation of Arctic Sea Ice and Ocean Properties in the CCSM4}},
    volume={25},
    year={2012}
}

@book{VonStorch1999,
    author={von Storch, Hans and Zwiers, Francis W},
    isbn={0-521-01230-9},
    pages={484},
    publisher={Cambridge University Press},
    title={{Statistical Analysis in Climate Research}},
    year={1999}
}

@book{Wilks2006,
    address={Burlington, MA ; London},
    author={Wilks, Daniel S},
    edition={2nd},
    isbn={0127519661},
    pages={627},
    publisher={Academic Press},
    title={{Statistical methods in the atmospheric sciences}},
    year={2006}
}

@techreport{Meier2013,
    author={Meier, Walter N.},
    institution={National Oceanic and Atmospheric Administration},
    number={CDRP-ATBD-0107},
    pages={60},
    title={{Climate Data Record ( CDR ) Program Climate Algorithm Theoretical Basis Document (C-ATBD) Passive Microwave Sea Ice Concentration}},
    year={2013}
}

@article{DuVivier_2016,
    author={Alice K. DuVivier and John J. Cassano and Anthony Craig and Joseph Hamman and Wieslaw Maslowski and Bart Nijssen and Robert Osinski and Andrew Roberts},
    title={Winter Atmospheric Buoyancy Forcing and Oceanic Response during Strong Wind Events around Southeastern Greenland in the Regional Arctic System Model (RASM) for 1990–2010},
    journal={Journal of Climate},
    volume={29},
    number={3},
    pages={975-994},
    year={2016},
    doi={10.1175/JCLI-D-15-0592.1},
    URL={http://dx.doi.org/10.1175/JCLI-D-15-0592.1},
    eprint={http://dx.doi.org/10.1175/JCLI-D-15-0592.1},
    abstract={ AbstractStrong, mesoscale tip jets and barrier winds that occur along the southeastern Greenland coast have the potential to impact deep convection in the Irminger Sea. The self-organizing map (SOM) training algorithm was used to identify 12 wind patterns that represent the range of winter [November–March (NDJFM)] wind regimes identified in the fully coupled Regional Arctic System Model (RASM) during 1990–2010. For all wind patterns, the ocean loses buoyancy, primarily through the turbulent sensible and latent heat fluxes; haline contributions to buoyancy change were found to be insignificant compared to the thermal contributions. Patterns with westerly winds at the Cape Farewell area had the largest buoyancy loss over the Irminger and Labrador Seas due to large turbulent fluxes from strong winds and the advection of anomalously cold, dry air over the warmer ocean. Similar to observations, RASM simulated typical ocean mixed layer depths (MLD) of approximately 400 m throughout the Irminger basin, with individual years experiencing MLDs of 800 m or greater. The ocean mixed layer deepens over most of the Irminger Sea following wind events with northerly flow, and the deepening is greater for patterns of longer duration. Seasonal deepest MLD is strongly and positively correlated to the frequency of westerly tip jets with northerly flow. }
}

@article{Maslowski_2002,
    title={Circulation of the Baltic Sea and its connection to the Pan-Arctic region- a large scale and high-resolution modeling approach},
    author={Maslowski, Wieslaw and Walczowski, Waldemar},
    journal={Boreal environment research},
    volume={7},
    number={4},
    pages={319--326},
    year={2002},
    publisher={FINNISH ZOOLOGICAL AND BOTANICAL PUBLISHING BOARD}
}

@incollection{Maslowski_2014,
    title={The Large Scale Ocean Circulation and Physical Processes Controlling Pacific-Arctic Interactions},
    author={Maslowski, Wieslaw and Kinney, Jaclyn Clement and Okkonen, Stephen R and Osinski, Robert and Roberts, Andrew F and Williams, William J},
    booktitle={The Pacific Arctic Region},
    pages={101--132},
    year={2014},
    publisher={Springer}
}

@article{Bamber_2012,
    author={Bamber, Jonathan and van den Broeke, Michiel and Ettema, Janneke and Lenaerts, Jan and Rignot, Eric},
    title={Recent large increases in freshwater fluxes from Greenland into the North Atlantic},
    journal={Geophysical Research Letters},
    volume={39},
    number={19},
    issn={1944-8007},
    url={http://dx.doi.org/10.1029/2012GL052552},
    doi={10.1029/2012GL052552},
    keywords={Tundra, Ice sheets, Glaciology, Water masses, Upper ocean and mixed layer processes, Greenland, North Atlantic, freshwater, runoff},
    year={2012},
    note={L19501},
}

@article{Hurrell_2013,
    doi={10.1175/BAMS-D-12-00121.1},
    title={The community earth system model: a framework for collaborative research},
    author={Hurrell, James W and Holland, Marika M and Gent, Peter R and Ghan, S and Kay, Jennifer E and Kushner, PJ and Lamarque, J-F and Large, William G and Lawrence, D and Lindsay, Keith and others},
    journal={Bulletin of the American Meteorological Society},
    volume={94},
    number={9},
    pages={1339--1360},
    year={2013},
    publisher={American Meteorological Society}
}

@article{Taylor_2012,
    author={Taylor,Karl E. and Stouffer,Ronald J. and Meehl,Gerald A.},
    year={2012},
    month={04},
    title={An Overview of CMIP5 and the Experiment Design},
    doi={10.1175/BAMS-D-11-00094.1},
    journal={Bulletin of the American Meteorological Society},
    volume={93},
    number={4},
    pages={485-498},
    keywords={Meteorology; Climate change; Geoengineering; Models},
    isbn={00030007},
    language={English},
    url={http://search.proquest.com/docview/1010743445?accountid=14784},
}
